<record><leader>00000cas a22000007a 4500</leader><controlfield tag="001">18296810</controlfield><controlfield tag="008">880801d19431947txuwr ne      0    0eng d</controlfield><datafield ind1=" " ind2=" " tag="010"><subfield code="a">sn 88083984 </subfield></datafield><datafield ind1=" " ind2=" " tag="040"><subfield code="a">PPM</subfield><subfield code="b">eng</subfield><subfield code="c">PPM</subfield><subfield code="d">OCL</subfield><subfield code="d">PPM</subfield><subfield code="d">OCLCQ</subfield></datafield><datafield ind1=" " ind2=" " tag="019"><subfield code="a">18297019</subfield></datafield><datafield ind1=" " ind2=" " tag="042"><subfield code="a">msc</subfield></datafield><datafield ind1="0" ind2="4" tag="245"><subfield code="a">The Navasota examiner-review.</subfield></datafield><datafield ind1=" " ind2=" " tag="260"><subfield code="a">Navasota, Tex. :</subfield><subfield code="b">Geo. T. Spears,</subfield><subfield code="c">1943-1947.</subfield></datafield><datafield ind1=" " ind2=" " tag="310"><subfield code="a">Weekly</subfield></datafield><datafield ind1="0" ind2=" " tag="362"><subfield code="a">Vol. 47, no. 11 (Mar. 4, 1943)-v. 49, no. 59 (Feb. 13, 1947).</subfield></datafield><datafield ind1=" " ind2=" " tag="530"><subfield code="a">Available on microfilm from the Center for American History, University of Texas at Austin.</subfield></datafield><datafield ind1=" " ind2=" " tag="752"><subfield code="a">United States</subfield><subfield code="b">Texas</subfield><subfield code="c">Grimes</subfield><subfield code="d">Navasota.</subfield></datafield><datafield ind1="0" ind2="4" tag="780"><subfield code="t">Grimes County review</subfield><subfield code="w">(DLC)sn 86089819</subfield></datafield><datafield ind1="0" ind2="4" tag="780"><subfield code="t">Navasota daily examiner</subfield><subfield code="w">(DLC)sn 86089529</subfield></datafield><datafield ind1="0" ind2="0" tag="785"><subfield code="t">Navasota examiner and Grimes County review</subfield><subfield code="w">(DLC)sn 86090102</subfield></datafield></record>